@article{Chen22,
author = {Chen, Ping and Zhong, JianYi and Zhu, YueChao},
year = {2022},
journal = {Comput Intell Neurosci. 2022 Jan 21;2022:5755327. doi: 10.1155/2022/5755327. eCollection 2022.},
title = {Intelligent Question Answering System by Deep Convolutional Neural Network in Finance and Economics Teaching},
pages = {},
note = "[\url{https://doi.org/10.1155\%2F2022\%2F5755327}]"
}

@misc{chatgpt23,
  author = {ChatGPT},
  title = {Ethical concerns associated with the use of chatbots in education},
  howpublished = {Retrieved on 21/04/2023, from \url{https://www.chatgpt.com}},
  year = {2023},
  note = {Unpublished raw data}
}

@misc{marcus2018,
      title={Deep Learning: A Critical Appraisal}, 
      author={Gary Marcus},
      year={2018},
      eprint={1801.00631},
      archivePrefix={arXiv},
      primaryClass={cs.AI},
      note={arXiv preprint: \url{https://doi.org/10.48550/arXiv.1801.00631}}
}

@misc{geva2019,
      title={Are We Modeling the Task or the Annotator? An Investigation of Annotator Bias in Natural Language Understanding Datasets}, 
      author={Mor Geva and Yoav Goldberg and Jonathan Berant},
      year={2019},
      eprint={1908.07898},
      archivePrefix={arXiv},
      primaryClass={cs.CL},
      note={arXiv preprint: \url{https://doi.org/10.48550/arXiv.1908.07898}}
}

@misc{brown2020,
      title={Language Models are Few-Shot Learners}, 
      author={Tom B. Brown and Benjamin Mann and Nick Ryder and Melanie Subbiah and Jared Kaplan and Prafulla Dhariwal and Arvind Neelakantan and Pranav Shyam and Girish Sastry and Amanda Askell and Sandhini Agarwal and Ariel Herbert-Voss and Gretchen Krueger and Tom Henighan and Rewon Child and Aditya Ramesh and Daniel M. Ziegler and Jeffrey Wu and Clemens Winter and Christopher Hesse and Mark Chen and Eric Sigler and Mateusz Litwin and Scott Gray and Benjamin Chess and Jack Clark and Christopher Berner and Sam McCandlish and Alec Radford and Ilya Sutskever and Dario Amodei},
      year={2020},
      eprint={2005.14165},
      archivePrefix={arXiv},
      primaryClass={cs.CL},
      note={arXiv preprint: \url{https://doi.org/10.48550/arXiv.2005.14165}}
}

@inproceedings{Bender21,
author = {Bender, Emily M. and Gebru, Timnit and McMillan-Major, Angelina and Shmitchell, Shmargaret},
title = {On the Dangers of Stochastic Parrots: Can Language Models Be Too Big? \emoji{parrot}},
year = {2021},
isbn = {9781450383097},
publisher = {Association for Computing Machinery},
address = {New York, NY, USA},
note = {\url{https://doi.org/10.1145/3442188.3445922}},
doi = {10.1145/3442188.3445922},
booktitle = {Proceedings of the 2021 ACM Conference on Fairness, Accountability, and Transparency},
pages = {610–623},
numpages = {14},
location = {Virtual Event, Canada},
series = {FAccT '21}
}

@inproceedings{Durmus_2020,
	doi = {10.18653/v1/2020.acl-main.454},
	note = {\url{https://doi.org/10.18653\%2Fv1\%2F2020.acl-main.454}},
	year = 2020,
	publisher = {Association for Computational Linguistics},
	author = {Esin Durmus and He He and Mona Diab},
	title = {{FEQA}: A Question Answering Evaluation Framework for Faithfulness Assessment in Abstractive Summarization},
	booktitle = {Proceedings of the 58th Annual Meeting of the Association for Computational Linguistics}
}

@article{lund2023chatting,
  title={Chatting about ChatGPT: How may AI and GPT impact academia and libraries?},
  author={Lund, Brady D and Wang, Ting},
  journal={Library Hi Tech News},
volume={40},
  number={1},
  pages={20-27},
  year={2023},
  month={January},
  day={22},
  note={[online] Available at: \url{http://doi.org/10.2139/ssrn.4333415}}
}

@article{Cotton,
author = {Cotton, Debby and Cotton, Peter and Shipway, Reuben},
year = {2023},
month = {01},
pages = {},
title = {Chatting and Cheating. Ensuring academic integrity in the era of ChatGPT},
doi = {10.35542/osf.io/mrz8h},
note={\url{http://doi.org/10.35542/osf.io/mrz8h}}
}

@misc{susnjak2022,
      title={ChatGPT: The End of Online Exam Integrity?}, 
      author={Teo Susnjak},
      year={2022},
      eprint={2212.09292},
      archivePrefix={arXiv},
      primaryClass={cs.AI},
      note={arXiv preprint: \url{https://doi.org/10.48550/arXiv.2212.09292}}
}

@article{vaswani2017attention,
  author       = {Ashish Vaswani and Noam Shazeer and Niki Parmar and Jakob Uszkoreit and Llion Jones and Aidan N. Gomez and Lukasz Kaiser and Illia Polosukhin},
  title        = {Attention Is All You Need},
  journal      = {CoRR},
  year         = {2017},
  note          = {\url{https://doi.org/10.48550/arXiv.1706.03762}},
  eprinttype    = {arXiv},
  eprint       = {1706.03762},
  timestamp    = {Sat, 23 Jan 2021 01:20:40 +0100},
  biburl       = {https://dblp.org/rec/journals/corr/VaswaniSPUJGKP17.bib},
  bibsource    = {dblp computer science bibliography, https://dblp.org}
}

@article{Lipton,
  author={Lipton, Zachary C and Berkowitz, John and Elkan, Charles},
  title        = {A Critical Review of Recurrent Neural Networks for Sequence Learning},
  journal      = {CoRR},
  volume       = {abs/1506.00019},
  year         = {2015},
  url          = {http://arxiv.org/abs/1506.00019},
  eprinttype    = {arXiv},
  eprint       = {1506.00019},
  timestamp    = {Mon, 13 Aug 2018 16:48:10 +0200},
  note       = {arXiv preprint: \url{https://dblp.org/rec/journals/corr/Lipton15.bib}},
}

@article{Floridi,
author = {Floridi, Luciano and Chiriatti, Massimo},
year = {2020},
month = {12},
pages = {1-14},
title = {GPT-3: Its Nature, Scope, Limits, and Consequences},
volume = {30},
journal = {Minds and Machines},
doi = {10.1007/s11023-020-09548-1},
note={\url{https://doi.org/10.1007/s11023-020-09548-1}}
}

@article{Eva,
author = {Eva A. M. van Dis and Johan Bollen and Willem Zuidema and Robert van Rooij and Claudi L. Bockting},
year = {2023},
month = {02},
title = {ChatGPT: five priorities for research},
journal = {Nature, 614(7947), pp.224-226.},
note={\url{https://doi.org/10.1038/d41586-023-00288-7}}
}

@article{zemvcik2019,
  title={A brief history of chatbots},
  author={ZEM{\v{C}}{\'I}K, M Tm{\'a}{\v{s}}},
  journal={DEStech Transactions on Computer Science and Engineering},
  volume={10},
  year={2019},
  note={\url{http://doi.org/10.12783/dtcse/aicae2019/31439}}
}

@inproceedings{Luka,
author = {Bradeško, Luka and Mladenić, Dunja},
title = {A Survey of Chatbot Systems through a Loebner Prize Competition},
year = {2012},
month = {01},
booktitle={Proceedings of Slovenian language technologies society eighth conference of language technologies},
volume={2},
pages={34--37},
}

@article{Ahmad,
author = {Nahdatul Akma Ahmad and Mohamad Hafiz Che Hamid and Azaliza Zainal and Muhammad Fairuz Abd Rauf and Zuraidy Adnan},
year = {2018},
month = {08},
pages = {7-10},
title = {Review of Chatbots Design Techniques},
volume = {181},
journal = {International Journal of Computer Applications},
note = {\url{http://doi.org/10.5120/ijca2018917606}}
}

@article{Budiharto,
author = {Budiharto, Widodo and Andreas, Vincent and Gunawan, Alexander},
year = {2020},
month = {05},
pages = {},
journal={},
title = {Deep Learning-Based Question Answering System for Intelligent Humanoid Robot},
note = {\url{http://doi.org/10.21203/rs.3.rs-26510/v1}}
}

@article{Hirschberg,
author = {Julia Hirschberg  and Christopher D. Manning },
title = {Advances in natural language processing},
journal = {Science},
volume = {349},
number = {6245},
pages = {261-266},
year = {2015},
doi = {10.1126/science.aaa8685},
note = {\url{https://doi.org/10.1126/science.aaa8685}}
}

@INPROCEEDINGS{Stanislav,
  author={Ondáš, Stanislav and Pleva, Matúš and Hládek, Daniel},
  booktitle={2019 17th International Conference on Emerging eLearning Technologies and Applications (ICETA)}, 
  title={How chatbots can be involved in the education process}, 
  year={2019},
  volume={},
  number={},
  pages={575-580},
  doi={10.1109/ICETA48886.2019.9040095},
  note={\url{https://doi.org/10.1109/ICETA48886.2019.9040095}}
}

@article{Prez2020,
  title={Rediscovering the use of chatbots in education: A systematic literature review},
  author={Jos{\'e} Quiroga P{\'e}rez and Thanasis Daradoumis and Joan Manuel Marqu{\`e}s Puig},
  journal={Computer Applications in Engineering Education},
  year={2020},
  volume={28},
  pages={1549 - 1565},
  note={\url{https://doi.org/10.1002/cae.22326}}
}

@article{Nee2023ExploringTT,
  title={Exploring the Trend and Potential Distribution of Chatbot in Education: A Systematic Review},
  author={Chee Ken Nee and Mohd Hishamuddin Abdul Rahman and Noraffandy Yahaya and Nor Hasniza Ibrahim and Rafiza Abdul Razak and Chie Sugino},
  journal={International Journal of Information and Education Technology},
  year={2023},
  note={\url{http://doi.org/10.18178/ijiet.2023.13.3.1834}}
}

@misc{Piazza,
  title={About Piazza: Our Story},
  author={Piazza},
  year={n.d.},
  howpublished={[online] Available at: \url{https://piazza.com/about/story}},
  note={[accessed: 21/04/2023]}
}

@article{Jungherr,
	author = {Andreas Jungherr},
	title = {Using ChatGPT and Other Large Language Model (LLM) Applications for Academic Paper Assignments},
	year = {2023},
	note = {Otto-Friedrich-Universität \url{https://doi.org/10.31235/osf.io/d84q6}},
	language = {eng}
}

@article{Abiodun,
title = {State-of-the-art in artificial neural network applications: A survey},
journal = {Heliyon},
volume = {4},
number = {11},
pages = {e00938},
year = {2018},
issn = {2405-8440},
note = {\url{https://doi.org/10.1016/j.heliyon.2018.e00938}},
author = {Oludare Isaac Abiodun and Aman Jantan and Abiodun Esther Omolara and Kemi Victoria Dada and Nachaat AbdElatif Mohamed and Humaira Arshad},
keywords = {Computer science}
}

@article{Bishop,
    author = {Bishop, Chris M.},
    title = "{Neural networks and their applications}",
    journal = {Review of Scientific Instruments},
    volume = {65},
    number = {6},
    pages = {1803-1832},
    year = {1994},
    month = {06},
    issn = {0034-6748},
    doi = {10.1063/1.1144830},
    note = {\url{https://doi.org/10.1063/1.1144830}},
    eprint = {https://pubs.aip.org/aip/rsi/article-pdf/65/6/1803/8387807/1803\_1\_online.pdf},
}

@article{hochreiter1997long,
  title={Long short-term memory},
  author={Hochreiter, Sepp and Schmidhuber, J{\"u}rgen},
  journal={Neural computation},
  volume={9},
  number={8},
  pages={1735--1780},
  year={1997},
  publisher={MIT press},
  note = {\url{http://doi.org/10.1162/neco.1997.9.8.1735}}
}

@article{Yann,
author = {LeCun, Yann and Bengio, Y. and Hinton, Geoffrey},
year = {2015},
month = {05},
pages = {436-44},
title = {Deep Learning},
volume = {521},
journal = {Nature},
doi = {10.1038/nature14539},
}

@article{Gers,
    author = {Gers, Felix A. and Schmidhuber, Jürgen and Cummins, Fred},
    title = "{Learning to Forget: Continual Prediction with LSTM}",
    journal = {Neural Computation},
    volume = {12},
    number = {10},
    pages = {2451-2471},
    year = {2000},
    month = {10},
    issn = {0899-7667},
    doi = {10.1162/089976600300015015},
    note = {\url{https://doi.org/10.1162/089976600300015015}},
    eprint = {https://direct.mit.edu/neco/article-pdf/12/10/2451/814643/089976600300015015.pdf},
}

@misc{chung2014empirical,
      title={Empirical Evaluation of Gated Recurrent Neural Networks on Sequence Modeling}, 
      author={Junyoung Chung and Caglar Gulcehre and KyungHyun Cho and Yoshua Bengio},
      year={2014},
      eprint={1412.3555},
      archivePrefix={arXiv},
      primaryClass={cs.NE},
      note={arXiv preprint: \url{https://doi.org/10.48550/arXiv.1412.3555}}
}

@misc{cho2014learning,
      title={Learning Phrase Representations using RNN Encoder-Decoder for Statistical Machine Translation}, 
      author={Kyunghyun Cho and Bart van Merrienboer and Caglar Gulcehre and Dzmitry Bahdanau and Fethi Bougares and Holger Schwenk and Yoshua Bengio},
      year={2014},
      eprint={1406.1078},
      archivePrefix={arXiv},
      primaryClass={cs.CL},
      note = {arXiv preprint: \url{https://doi.org/10.48550/arXiv.1406.1078}}
}

@misc{cahuantzi2023comparison,
      title={A comparison of LSTM and GRU networks for learning symbolic sequences}, 
      author={Roberto Cahuantzi and Xinye Chen and Stefan Güttel},
      year={2023},
      eprint={2107.02248},
      archivePrefix={arXiv},
      primaryClass={cs.LG},
      note = {arXiv preprint: \url{https://doi.org/10.48550/arXiv.2107.02248}}
}

@article{Irie2016,
author = {Irie, Kazuki and Tüske, Zoltán and Alkhouli, Tamer and Schlüter, Ralf and Ney, Hermann},
year = {2016},
month = {09},
pages = {3519-3523},
title = {LSTM, GRU, Highway and a Bit of Attention: An Empirical Overview for Language Modeling in Speech Recognition},
note = {\url{http://doi.org/10.21437/Interspeech.2016-491}}
}

@ARTICLE{Schuster,
  author={Schuster, M. and Paliwal, K.K.},
  journal={IEEE Transactions on Signal Processing}, 
  title={Bidirectional recurrent neural networks}, 
  year={1997},
  volume={45},
  number={11},
  pages={2673-2681},
  doi={10.1109/78.650093},
    note={\url{https://doi.org/10.1109/78.650093}}
}

@misc{Udofia,
  author = {Udeme Udofia},
  title = {Basic Overview of Convolutional Neural Network (CNN)},
  year = {2018},
  month = {2},
  howpublished={Medium [Online Image] Available at: \url{https://medium.com/dataseries/basic-overview-of-convolutional-neural-network-cnn-4fcc7dbb4f17}},
  note={[accessed: 01/05/2023]}
}

@misc{Shukla,
  author = {Lavanya Shukla},
  title = {Fundamentals of Neural Networks},
  howpublished = {Weights \& Biases [Online Image] Available at: \url{https://wandb.ai/site/articles/fundamentals-of-neural-networks}},
  year = {2019},
  month = {August},
  publisher = {Weights & Biases},
  note = {accessed: 01/05/2023}
}

@misc{Yathish,
  author = {Vishal Yathish},
  title = {Loss Functions and Their Use In Neural Networks},
  howpublished = {Towards Data Science [online] Available at: \url{https://towardsdatascience.com/loss-functions-and-their-use-in-neural-networks-a470e703f1e9}},
  year = {2022},
  month = {August},
  note = {accessed: 01/05/2023}
}

@Article{Rumelhart,
  author   = {Rumelhart, David E and Hinton, Geoffrey E and Williams, Ronald J},
  journal  = {Nature},
  title    = {Learning representations by back-propagating errors.},
  year     = {1986},
  number   = {6088},
  pages    = {533--536},
  volume   = {323},
  note = {\url{https://doi.org/10.1038/323533a0}}
}

@misc{Sharma,
  author = {Sagar Sharma},
  title = {Epoch vs Batch Size vs Iterations},
  howpublished = {Towards Data Science [online] Available at: \url{https://towardsdatascience.com/epoch-vs-iterations-vs-batch-size-4dfb9c7ce9c9}},
  year = {2017},
  month = {September},
  note = {[accessed: 01/05/2023]}
}

@misc{olah2015understanding,
  author = {Olah, Christopher},
  title = {Understanding {LSTM} Networks},
  howpublished = {Colah's Blog [online] Available at: \url{https://colah.github.io/posts/2015-08-Understanding-LSTMs/}},
  year = {2015},
  month = {August},
  note = {[accessed: 02/05/2023]},
}

@article{bengio2000neural,
  title={A neural probabilistic language model},
  author={Bengio, Yoshua and Ducharme, R{\'e}jean and Vincent, Pascal},
  journal={Advances in neural information processing systems},
  publisher = {MIT Press},
  volume={13},
  year={2000}
}

@article{Monisha,
  author={Kanakaraj, Monisha and Guddeti, Ram Mohana Reddy},
  booktitle={2015 3rd International Conference on Signal Processing, Communication and Networking (ICSCN)}, 
  title={NLP based sentiment analysis on Twitter data using ensemble classifiers}, 
  year={2015},
  volume={},
  number={},
  pages={1-5},
  note={\url{https://doi.org/10.1109/ICSCN.2015.7219856}}
}

@article{Zellig,
    author = {Zellig S. Harris},
    title = {Distributional Structure},
    journal = {<i>WORD</i>},
    volume = {10},
    number = {2-3},
    pages = {146-162},
    year  = {1954},
    publisher = {Routledge},
    doi = {10.1080/00437956.1954.11659520},
    note = {\url{https://doi.org/10.1080/00437956.1954.11659520}},
}

@misc{mikolov2013efficient,
      title={Efficient Estimation of Word Representations in Vector Space}, 
      author={Tomas Mikolov and Kai Chen and Greg Corrado and Jeffrey Dean},
      year={2013},
      eprint={1301.3781},
      archivePrefix={arXiv},
      primaryClass={cs.CL},
      note={arXiv preprint: \url{https://doi.org/10.48550/arXiv.1301.3781}}
}

@misc{li2018introduction,
  author = {Li, Susan},
  title = {Introduction to Word Embedding and Word2Vec},
  year = {2018},
  howpublished = {Towards Data Science [online] Available at: \url{https://towardsdatascience.com/introduction-to-word-embedding-and-word2vec-652d0c2060fa}},
  note = {[accessed: 03/05/2023]}
}

@article{Rudkowsky,
    author = {Elena Rudkowsky and Martin Haselmayer and Matthias Wastian and Marcelo Jenny and Štefan Emrich and Michael Sedlmair},
    title = {More than Bags of Words: Sentiment Analysis with Word Embeddings},
    journal = {Communication Methods and Measures},
    volume = {12},
    number = {2-3},
    pages = {140-157},
    year  = {2018},
    publisher = {Routledge},
    doi = {10.1080/19312458.2018.1455817},
    URL = {https://doi.org/10.1080/19312458.2018.1455817},
}

@misc{allen2019analogies,
      title={Analogies Explained: Towards Understanding Word Embeddings}, 
      author={Carl Allen and Timothy Hospedales},
      year={2019},
      eprint={1901.09813},
      archivePrefix={arXiv},
      primaryClass={cs.CL},
      note={arXiv preprint: \url{https://doi.org/10.48550/arXiv.1901.09813}}
}

@inproceedings{sivakumar2020review,
  title={Review on word2vec word embedding neural net},
  author={Sivakumar, Soubraylu and Videla, Lakshmi Sarvani and Kumar, T Rajesh and Nagaraj, J and Itnal, Shilpa and Haritha, D},
  booktitle={2020 international conference on smart electronics and communication (ICOSEC)},
  pages={282--290},
  year={2020},
  organization={IEEE},
  note={\url{https://doi.org/10.1109/ICOSEC49089.2020.9215319}}
}

@inproceedings{Pennington,
    title = "{G}lo{V}e: Global Vectors for Word Representation",
    author = "Pennington, Jeffrey  and
      Socher, Richard  and
      Manning, Christopher",
    booktitle = "Proceedings of the 2014 Conference on Empirical Methods in Natural Language Processing ({EMNLP})",
    month = oct,
    year = "2014",
    address = "Doha, Qatar",
    publisher = "Association for Computational Linguistics",
    url = "https://aclanthology.org/D14-1162",
    doi = "10.3115/v1/D14-1162",
    pages = "1532--1543",
    note={\url{http://doi.org/10.3115/v1/D14-1162}}
}

@misc{devlin2019bert,
      title={BERT: Pre-training of Deep Bidirectional Transformers for Language Understanding}, 
      author={Jacob Devlin and Ming-Wei Chang and Kenton Lee and Kristina Toutanova},
      year={2019},
      eprint={1810.04805},
      archivePrefix={arXiv},
      primaryClass={cs.CL},
      note={arXiv preprint: \url{https://doi.org/10.48550/arXiv.1810.04805}}
}

@misc{peters2018deep,
      title={Deep contextualized word representations}, 
      author={Matthew E. Peters and Mark Neumann and Mohit Iyyer and Matt Gardner and Christopher Clark and Kenton Lee and Luke Zettlemoyer},
      year={2018},
      eprint={1802.05365},
      archivePrefix={arXiv},
      primaryClass={cs.CL},
journal={Association for Computational Linguistics},
        note={arXiv preprint: \url{
https://doi.org/10.48550/arXiv.1802.05365}}
}

@techreport{BrowMcCoReev2020eu,
	author = { Malcolm Brown and Mark McCormack and Jamie Reeves and D. Christopher Brook and Susan Grajek and Bryan Alexander and Maha Bali and Stephanie Bulger and Shawna Dark and Nicole Engelbert and Kevin Gannon and Adrienne Gauthier and David Gibson and Rob Gibson and Brigitte Lundin and George Veletsianos and Nicole Weber },
	title = { 2020 Educause Horizon Report
Teaching and Learning Edition },
	institution = { EDUCAUSE},
	year = { 2020 },
	note = {[online] Available at: \url{www.learntechlib.org/p/215670}}
}

@article{zawacki2019systematic,
  title={Systematic review of research on artificial intelligence applications in higher education--where are the educators?},
  author={Zawacki-Richter, Olaf and Mar{\'\i}n, Victoria I and Bond, Melissa and Gouverneur, Franziska},
  journal={International Journal of Educational Technology in Higher Education},
  volume={16},
  number={1},
  pages={1--27},
  year={2019},
  publisher={SpringerOpen},
note={\url{https://doi.org/10.1186/s41239-019-0171-0}}
}

@article{pearce2021comparative,
  title={A comparative study of transformer-based language models on extractive question answering},
  author={Pearce, Kate and Zhan, Tiffany and Komanduri, Aneesh and Zhan, Justin},
  year={2021},
  note={arXiv preprint: \url{https://doi.org/10.48550/arXiv.2110.03142}}
}

@misc{wu2016googles,
      title={Google's Neural Machine Translation System: Bridging the Gap between Human and Machine Translation}, 
      author={Yonghui Wu and Mike Schuster and Zhifeng Chen and Quoc V. Le and Mohammad Norouzi and Wolfgang Macherey and Maxim Krikun and Yuan Cao and Qin Gao and Klaus Macherey and Jeff Klingner and Apurva Shah and Melvin Johnson and Xiaobing Liu and Łukasz Kaiser and Stephan Gouws and Yoshikiyo Kato and Taku Kudo and Hideto Kazawa and Keith Stevens and George Kurian and Nishant Patil and Wei Wang and Cliff Young and Jason Smith and Jason Riesa and Alex Rudnick and Oriol Vinyals and Greg Corrado and Macduff Hughes and Jeffrey Dean},
      year={2016},
      eprint={1609.08144},
      archivePrefix={arXiv},
      primaryClass={cs.CL},
      note={arXiv preprint: \url{https://doi.org/10.48550/arXiv.1609.08144}}
}

@inproceedings{Severyn2015UNITNTD,
  title={UNITN: Training Deep Convolutional Neural Network for Twitter Sentiment Classification},
  author={Aliaksei Severyn and Alessandro Moschitti},
  booktitle={International Workshop on Semantic Evaluation},
  year={2015},
  note={\url{http://doi.org/10.18653/v1/S15-2079}}
}

@article{krizhevsky2017imagenet,
  title={Imagenet classification with deep convolutional neural networks},
  author={Krizhevsky, Alex and Sutskever, Ilya and Hinton, Geoffrey E},
  journal={Communications of the ACM},
  volume={60},
  number={6},
  pages={84--90},
  year={2017},
  publisher={AcM New York, NY, USA},
  note={\url{https://doi.org/10.1145/3065386}}
}

@inproceedings{kim2014convolutional,
    title = "Convolutional Neural Networks for Sentence Classification",
    author = "Kim, Yoon",
    booktitle = "Proceedings of the 2014 Conference on Empirical Methods in Natural Language Processing ({EMNLP})",
    month = oct,
    year = "2014",
    address = "Doha, Qatar",
    publisher = "Association for Computational Linguistics",
    url = "https://aclanthology.org/D14-1181",
    doi = "10.3115/v1/D14-1181",
    pages = "1746--1751",
    note = "\url{http://doi.org/10.3115/v1/D14-1181}",
}

@misc{lewis2019bart,
      title={BART: Denoising Sequence-to-Sequence Pre-training for Natural Language Generation, Translation, and Comprehension}, 
      author={Mike Lewis and Yinhan Liu and Naman Goyal and Marjan Ghazvininejad and Abdelrahman Mohamed and Omer Levy and Ves Stoyanov and Luke Zettlemoyer},
      year={2019},
      eprint={1910.13461},
      archivePrefix={arXiv},
      primaryClass={cs.CL},
      note={arXiv preprint: \url{https://doi.org/10.48550/arXiv.1910.13461}}
}

@article{radford2018improving,
  title={Improving language understanding by generative pre-training},
  author={Radford, Alec and Narasimhan, Karthik and Salimans, Tim and Sutskever, Ilya and others},
  year={2018},
  journal={OpenAI}
}

@misc{openAIAPI,
  author = {Yaniv Markovski},
  title = {Best Practices For API Key Safety},
  howpublished = {OpenAI [online] Available at: \url{https://help.openai.com/en/articles/5112595-best-practices-for-api-key-safety}},
  year = {2019},
  month = {September},
  note = {[accessed: 05/05/2023]}
}


@misc{wikiCompVision,
  author = {Wikipedia},
  title = {Computer Vision},
  howpublished = {Wikipedia [online] Available at: \url{https://en.wikipedia.org/wiki/Computer\_vision}},
  year = {2020},
  month = {April},
  note = {[accessed: 05/05/2023]}
}

@misc{Blagojevic,
  author = {Vladimir Blagojevic},
  title = {Long-Form QA beyond ELI5: an updated dataset and approach},
  howpublished = {Towards Data Science [online] Available at: \url{https://towardsdatascience.com/long-form-qa-beyond-eli5-an-updated-dataset-and-approach-319cb841aabb}},
  year = {2022},
  month = {February},
  note = {[accessed: 12/05/2023]}
}

@misc{khanAcademy,
  title = {Harnessing AI So That All Students Benefit: A Nonprofit Approach for Equal Access},
  author = {Sal Khan},
  howpublished = {Khan Academy Blog [online] Available at: \url{https://blog.khanacademy.org/harnessing-ai-so-that-all-students-benefit-a-nonprofit-approach-for-equal-access/}},
  year = {2023},
  note = {[accessed: 04/05/2023]}
}

@misc{ChatGPTrelease,
  title = {Introducing ChatGPT},
  author = {OpenAI},
  howpublished = {OpenAI [online] Available at: \url{https://openai.com/blog/chatgpt}},
  year = {2022},
  note = {[accessed: 13/06/2023]}
}

@misc{openAIembeddings,
  title = {Embeddings},
  author = {OpenAI},
  howpublished = {OpenAI [online] Available at: \url{https://platform.openai.com/docs/guides/embeddings/limitations-risks}},
  year = {2022},
  note = {[accessed: 29/05/2023]}
}

@book{gonzalez2018digital,
  title={Digital Image Processing},
  author={Gonzalez, Rafael C. and Woods, Richard E.},
  year={2018},
  edition={4th},
  publisher={Pearson Prentice Hall},
}

@misc{wolf2020huggingfaces,
      title={\emoji{hugging-face} HuggingFace's Transformers: State-of-the-art Natural Language Processing}, 
      author={Thomas Wolf and Lysandre Debut and Victor Sanh and Julien Chaumond and Clement Delangue and Anthony Moi and Pierric Cistac and Tim Rault and Rémi Louf and Morgan Funtowicz and Joe Davison and Sam Shleifer and Patrick von Platen and Clara Ma and Yacine Jernite and Julien Plu and Canwen Xu and Teven Le Scao and Sylvain Gugger and Mariama Drame and Quentin Lhoest and Alexander M. Rush},
      year={2020},
      eprint={1910.03771},
      archivePrefix={arXiv},
      primaryClass={cs.CL},
        note={arXiv preprint: \url{
https://doi.org/10.48550/arXiv.1910.03771}}
}

@book{solomon2010fundamentals,
  title={Fundamentals of Digital Image Processing: A Practical Approach with Examples in Matlab},
  author={Solomon, Chris and Breckon, Toby},
  year={2010},
  publisher={Wiley}
}

@article{NQdataset,
    author = {Kwiatkowski, Tom and Palomaki, Jennimaria and Redfield, Olivia and Collins, Michael and Parikh, Ankur and Alberti, Chris and Epstein, Danielle and Polosukhin, Illia and Devlin, Jacob and Lee, Kenton and Toutanova, Kristina and Jones, Llion and Kelcey, Matthew and Chang, Ming-Wei and Dai, Andrew
                        M. and Uszkoreit, Jakob and Le, Quoc and Petrov, Slav},
    title = "{Natural Questions: A Benchmark for Question Answering
                    Research}",
    journal = {Transactions of the Association for Computational Linguistics},
    volume = {7},
    pages = {453-466},
    year = {2019},
    month = {08},
    issn = {2307-387X},
    doi = {10.1162/tacl_a_00276},
    note = {\url{https://doi.org/10.1162/tacl\_a\_00276}},
    eprint = {https://direct.mit.edu/tacl/article-pdf/doi/10.1162/tacl\_a\_00276/1923288/tacl\_a\_00276.pdf},
}

@INPROCEEDINGS{gradientAccumulation,
  author={Huang, Zimeng and Jiang, Bo and Guo, Tian and Liu, Yunzhuo},
  booktitle={2023 IEEE/ACM 23rd International Symposium on Cluster, Cloud and Internet Computing (CCGrid)}, 
  title={Measuring the Impact of Gradient Accumulation on Cloud-based Distributed Training}, 
  year={2023},
  volume={},
  number={},
  pages={344-354},
  doi={10.1109/CCGrid57682.2023.00040},
    note={\url{https://doi.org/10.1109/CCGrid57682.2023.00040}}
}

@misc{chen2016training,
      title={Training Deep Nets with Sublinear Memory Cost}, 
      author={Tianqi Chen and Bing Xu and Chiyuan Zhang and Carlos Guestrin},
      year={2016},
      eprint={1604.06174},
      archivePrefix={arXiv},
      primaryClass={cs.LG},
        note={arXiv preprint: \url{
https://doi.org/10.48550/arXiv.1604.06174}}
}

@inproceedings{banerjeeMeteor,
    title = "{METEOR}: An Automatic Metric for {MT} Evaluation with Improved Correlation with Human Judgments",
    author = "Banerjee, Satanjeev  and
      Lavie, Alon",
    booktitle = "Proceedings of the {ACL} Workshop on Intrinsic and Extrinsic Evaluation Measures for Machine Translation and/or Summarization",
    month = jun,
    year = "2005",
    address = "Ann Arbor, Michigan",
    publisher = "Association for Computational Linguistics",
    url = "https://aclanthology.org/W05-0909",
    pages = "65--72",
}

@inproceedings{papineniBleu,
    title = "{B}leu: a Method for Automatic Evaluation of Machine Translation",
    author = "Papineni, Kishore  and
      Roukos, Salim  and
      Ward, Todd  and
      Zhu, Wei-Jing",
    booktitle = "Proceedings of the 40th Annual Meeting of the Association for Computational Linguistics",
    month = jul,
    year = "2002",
    address = "Philadelphia, Pennsylvania, USA",
    publisher = "Association for Computational Linguistics",
    url = "https://aclanthology.org/P02-1040",
    doi = "10.3115/1073083.1073135",
    pages = "311--318",
}

@misc{huggingface_tokeniser_model,
  title = {Huggingface (sentence-transformers/all-mpnet-base-v2)},
  author = {Nils Reimers and 
Omar Espejel},
  howpublished = {\url{https://huggingface.co/sentence-transformers/all-mpnet-base-v2}},
  year = {2021},}


@InProceedings{documentStoreGuu,
  title = 	 {Retrieval Augmented Language Model Pre-Training},
  author =       {Guu, Kelvin and Lee, Kenton and Tung, Zora and Pasupat, Panupong and Chang, Mingwei},
  booktitle = 	 {Proceedings of the 37th International Conference on Machine Learning},
  pages = 	 {3929--3938},
  year = 	 {2020},
  editor = 	 {III, Hal Daumé and Singh, Aarti},
  volume = 	 {119},
  series = 	 {Proceedings of Machine Learning Research},
  month = 	 {13--18 Jul},
  publisher =    {PMLR},
  pdf = 	 {http://proceedings.mlr.press/v119/guu20a/guu20a.pdf},
  url = 	 {https://proceedings.mlr.press/v119/guu20a.html},
    note = {\url{
https://doi.org/10.48550/arXiv.2002.08909}}
}

@software{langchain,
  author = {Harrison Chase and Davis Chase and Bagatur and Zander Chase and William FH and Leonid Ganeline},
  title = {LangChain},
  version = {0.0.247},
  note = {Open source Python package with 1,000+ contributors [online] Available at: \url{https://github.com/langchain-ai/langchain}. [accessed: 15/06/2023]},
  year = {2023},
}

@misc{openai_cookbook_qa_embeddings,
  title = {OpenAI Cookbook: Question Answering Using Embeddings},
  author = {{OpenAI}},
  howpublished = {\url{https://github.com/openai/openai-cookbook/blob/main/examples/Question_answering_using_embeddings.ipynb}},
  year = {2022},
  note = {GitHub Repository, [accessed 04/05/2023]},
}

@misc{manakul2023selfcheckgpt,
      title={SelfCheckGPT: Zero-Resource Black-Box Hallucination Detection for Generative Large Language Models}, 
      author={Potsawee Manakul and Adian Liusie and Mark J. F. Gales},
      year={2023},
      eprint={2303.08896},
      archivePrefix={arXiv},
      primaryClass={cs.CL},
        note = {arXiv preprint: \url{
https://doi.org/10.48550/arXiv.2303.08896}}
}

@misc{chang2023survey,
      title={A Survey on Evaluation of Large Language Models}, 
      author={Yupeng Chang and Xu Wang and Jindong Wang and Yuan Wu and Kaijie Zhu and Hao Chen and Linyi Yang and Xiaoyuan Yi and Cunxiang Wang and Yidong Wang and Wei Ye and Yue Zhang and Yi Chang and Philip S. Yu and Qiang Yang and Xing Xie},
      year={2023},
      eprint={2307.03109},
      archivePrefix={arXiv},
      primaryClass={cs.CL},
      note = {arXiv preprint: \url{
https://doi.org/10.48550/arXiv.2307.03109}}
}

@inproceedings{lin-2004-rouge,
    title = "{ROUGE}: A Package for Automatic Evaluation of Summaries",
    author = "Lin, Chin-Yew",
    booktitle = "Text Summarization Branches Out",
    month = jul,
    year = "2004",
    address = "Barcelona, Spain",
    publisher = "Association for Computational Linguistics",
    url = "https://www.aclweb.org/anthology/W04-1013",
    pages = "74--81",
}

@inproceedings{schluter-2017-limits,
    title = "The limits of automatic summarisation according to {ROUGE}",
    author = "Schluter, Natalie",
    booktitle = "Proceedings of the 15th Conference of the {E}uropean Chapter of the Association for Computational Linguistics: Volume 2, Short Papers",
    month = apr,
    year = "2017",
    address = "Valencia, Spain",
    publisher = "Association for Computational Linguistics",
    url = "https://aclanthology.org/E17-2007",
    pages = "41--45",
    note = "\url{https://doi.org/10.18653/V1%2FE17-2007}"
}

@misc{may2019measuring,
      title={On Measuring Social Biases in Sentence Encoders}, 
      author={Chandler May and Alex Wang and Shikha Bordia and Samuel R. Bowman and Rachel Rudinger},
      year={2019},
      eprint={1903.10561},
      archivePrefix={arXiv},
      primaryClass={cs.CL},
        note = {arXiv preprint: \url{
https://doi.org/10.48550/arXiv.1903.10561}}
}

@misc{rudinger2018gender,
      title={Gender Bias in Coreference Resolution}, 
      author={Rachel Rudinger and Jason Naradowsky and Brian Leonard and Benjamin Van Durme},
      year={2018},
      eprint={1804.09301},
      archivePrefix={arXiv},
      primaryClass={cs.CL},
        note = {arXiv preprint: \url{
https://doi.org/10.48550/arXiv.1804.09301}}
}

@Inbook{Bisong2019,
author="Bisong, Ekaba",
title="Google Colaboratory",
bookTitle="Building Machine Learning and Deep Learning Models on Google Cloud Platform: A Comprehensive Guide for Beginners",
year="2019",
publisher="Apress",
address="Berkeley, CA",
pages="59--64",
isbn="978-1-4842-4470-8",
doi="10.1007/978-1-4842-4470-8_7",
note="\url{https://doi.org/10.1007/978-1-4842-4470-8_7}"
}

@misc{rathi2020dietsnn,
      title={DIET-SNN: Direct Input Encoding With Leakage and Threshold Optimization in Deep Spiking Neural Networks}, 
      author={Nitin Rathi and Kaushik Roy},
      year={2020},
      eprint={2008.03658},
      archivePrefix={arXiv},
      primaryClass={cs.NE},
        note={arXiv preprint: \url{https://doi.org/10.48550/arXiv.2008.03658}}
}


@misc{maths2015Nielsen,
      title={Neural Networks and Deep Learning}, 
      author={Michael A. Nielsen},
    note={\textit{Determination Press}},
      year={2015},
}

In academic work, please cite this book as: Michael A. Nielsen, "Neural Networks and Deep Learning", Determination Press, 2015

This work is licensed under a Creative Commons Attribution-NonCommercial 3.0 Unported License. This means you're free to copy, share, and build on this book, but not to sell it. If you're interested in commercial use, please contact me.Last update: Thu Dec 26 15:26:33 2019



% TensorFlow [Abadi et al., 2016]