@article{Chen22,
author = {Chen, Ping and Zhong, JianYi and Zhu, YueChao},
year = {2022},
journal = {Comput Intell Neurosci. 2022 Jan 21;2022:5755327. doi: 10.1155/2022/5755327. eCollection 2022.},
title = {Intelligent Question Answering System by Deep Convolutional Neural Network in Finance and Economics Teaching},
pages = {},
note = "[\url{https://www.ncbi.nlm.nih.gov/pmc/articles/PMC8799335/}]"
}

@misc{chatgpt23,
  author = {ChatGPT},
  title = {Ethical concerns associated with the use of chatbots in education},
  howpublished = {Retrieved on April 21, 2023, from \url{https://www.chatgpt.com}},
  year = {2023},
  note = {Unpublished raw data}
}

@misc{marcus2018,
      title={Deep Learning: A Critical Appraisal}, 
      author={Gary Marcus},
      year={2018},
      eprint={1801.00631},
      archivePrefix={arXiv},
      primaryClass={cs.AI},
      note={arXiv preprint: \url{https://doi.org/10.48550/arXiv.1801.00631}}
}

@misc{geva2019,
      title={Are We Modeling the Task or the Annotator? An Investigation of Annotator Bias in Natural Language Understanding Datasets}, 
      author={Mor Geva and Yoav Goldberg and Jonathan Berant},
      year={2019},
      eprint={1908.07898},
      archivePrefix={arXiv},
      primaryClass={cs.CL},
      note={arXiv preprint: \url{https://doi.org/10.48550/arXiv.1908.07898}}
}

@misc{brown2020,
      title={Language Models are Few-Shot Learners}, 
      author={Tom B. Brown and Benjamin Mann and Nick Ryder and Melanie Subbiah and Jared Kaplan and Prafulla Dhariwal and Arvind Neelakantan and Pranav Shyam and Girish Sastry and Amanda Askell and Sandhini Agarwal and Ariel Herbert-Voss and Gretchen Krueger and Tom Henighan and Rewon Child and Aditya Ramesh and Daniel M. Ziegler and Jeffrey Wu and Clemens Winter and Christopher Hesse and Mark Chen and Eric Sigler and Mateusz Litwin and Scott Gray and Benjamin Chess and Jack Clark and Christopher Berner and Sam McCandlish and Alec Radford and Ilya Sutskever and Dario Amodei},
      year={2020},
      eprint={2005.14165},
      archivePrefix={arXiv},
      primaryClass={cs.CL},
      note={\url{https://doi.org/10.48550/arXiv.2005.14165}}
}

@inproceedings{Bender21,
author = {Bender, Emily M. and Gebru, Timnit and McMillan-Major, Angelina and Shmitchell, Shmargaret},
title = {On the Dangers of Stochastic Parrots: Can Language Models Be Too Big? ��},
year = {2021},
isbn = {9781450383097},
publisher = {Association for Computing Machinery},
address = {New York, NY, USA},
note = {\url{https://doi.org/10.1145/3442188.3445922}},
doi = {10.1145/3442188.3445922},
booktitle = {Proceedings of the 2021 ACM Conference on Fairness, Accountability, and Transparency},
pages = {610–623},
numpages = {14},
location = {Virtual Event, Canada},
series = {FAccT '21}
}

@inproceedings{Durmus_2020,
	doi = {10.18653/v1/2020.acl-main.454},
	note = {\url{https://doi.org/10.18653\%2Fv1\%2F2020.acl-main.454}},
	year = 2020,
	publisher = {Association for Computational Linguistics},
	author = {Esin Durmus and He He and Mona Diab},
	title = {{FEQA}: A Question Answering Evaluation Framework for Faithfulness Assessment in Abstractive Summarization},
	booktitle = {Proceedings of the 58th Annual Meeting of the Association for Computational Linguistics}
}

@article{lund2023chatting,
  title={Chatting about ChatGPT: How may AI and GPT impact academia and libraries?},
  author={Lund, Brady D and Wang, Ting},
  journal={Library Hi Tech News},
volume={40},
  number={1},
  pages={20-27},
  year={2023},
  month={January},
  day={22},
  note={Available at: \url{http://dx.doi.org/10.2139/ssrn.4333415}}
}

@unknown{Cotton,
author = {Cotton, Debby and Cotton, Peter and Shipway, Reuben},
year = {2023},
month = {01},
pages = {},
title = {Chatting and Cheating. Ensuring academic integrity in the era of ChatGPT},
doi = {10.35542/osf.io/mrz8h},
note={\url{http://dx.doi.org/10.35542/osf.io/mrz8h}}
}

@misc{susnjak2022,
      title={ChatGPT: The End of Online Exam Integrity?}, 
      author={Teo Susnjak},
      year={2022},
      eprint={2212.09292},
      archivePrefix={arXiv},
      primaryClass={cs.AI},
      note={arXiv preprint \url{https://doi.org/10.48550/arXiv.2212.09292}}
}

@article{vaswani2017attention,
  author       = {Ashish Vaswani and Noam Shazeer and Niki Parmar and Jakob Uszkoreit and Llion Jones and Aidan N. Gomez and Lukasz Kaiser and Illia Polosukhin},
  title        = {Attention Is All You Need},
  journal      = {CoRR},
  year         = {2017},
  note          = {\url{https://doi.org/10.48550/arXiv.1706.03762}},
  eprinttype    = {arXiv},
  eprint       = {1706.03762},
  timestamp    = {Sat, 23 Jan 2021 01:20:40 +0100},
  biburl       = {https://dblp.org/rec/journals/corr/VaswaniSPUJGKP17.bib},
  bibsource    = {dblp computer science bibliography, https://dblp.org}
}

@article{Lipton,
  author={Lipton, Zachary C and Berkowitz, John and Elkan, Charles},
  title        = {A Critical Review of Recurrent Neural Networks for Sequence Learning},
  journal      = {CoRR},
  volume       = {abs/1506.00019},
  year         = {2015},
  url          = {http://arxiv.org/abs/1506.00019},
  eprinttype    = {arXiv},
  eprint       = {1506.00019},
  timestamp    = {Mon, 13 Aug 2018 16:48:10 +0200},
  note       = {arXiv preprint \url{https://dblp.org/rec/journals/corr/Lipton15.bib}},
}

@article{Floridi,
author = {Floridi, Luciano and Chiriatti, Massimo},
year = {2020},
month = {12},
pages = {1-14},
title = {GPT-3: Its Nature, Scope, Limits, and Consequences},
volume = {30},
journal = {Minds and Machines},
doi = {10.1007/s11023-020-09548-1},
note={\url{https://link.springer.com/article/10.1007/s11023-020-09548-1}}
}

@article{Eva,
author = {Eva A. M. van Dis and Johan Bollen and Willem Zuidema and Robert van Rooij and Claudi L. Bockting},
year = {2023},
month = {02},
title = {ChatGPT: five priorities for research},
journal = {Nature, 614(7947), pp.224-226.},
note={\url{https://doi.org/10.1038/d41586-023-00288-7}}
}

@article{zemvcik2019,
  title={A brief history of chatbots},
  author={ZEM{\v{C}}{\'I}K, M Tm{\'a}{\v{s}}},
  journal={DEStech Transactions on Computer Science and Engineering},
  volume={10},
  year={2019},
  note={\url{http://dx.doi.org/10.12783/dtcse/aicae2019/31439}}
}

@inproceedings{Luka,
author = {Bradeško, Luka and Mladenić, Dunja},
title = {A Survey of Chatbot Systems through a Loebner Prize Competition},
year = {2012},
month = {01},
booktitle={Proceedings of Slovenian language technologies society eighth conference of language technologies},
volume={2},
pages={34--37},
}

@article{Ahmad,
author = {Nahdatul Akma Ahmad and Mohamad Hafiz Che Hamid and Azaliza Zainal and Muhammad Fairuz Abd Rauf and Zuraidy Adnan},
year = {2018},
month = {08},
pages = {7-10},
title = {Review of Chatbots Design Techniques},
volume = {181},
journal = {International Journal of Computer Applications},
note = {\url{http://dx.doi.org/10.5120/ijca2018917606}}
}

@article{Budiharto,
author = {Budiharto, Widodo and Andreas, Vincent and Gunawan, Alexander},
year = {2020},
month = {05},
pages = {},
journal={},
title = {Deep Learning-Based Question Answering System for Intelligent Humanoid Robot},
note = {\url{http://dx.doi.org/10.21203/rs.3.rs-26510/v1}}
}

@article{Hirschberg,
author = {Julia Hirschberg  and Christopher D. Manning },
title = {Advances in natural language processing},
journal = {Science},
volume = {349},
number = {6245},
pages = {261-266},
year = {2015},
doi = {10.1126/science.aaa8685},
note = {\url{https://doi.org/10.1126/science.aaa8685}}
}

@INPROCEEDINGS{Stanislav,
  author={Ondáš, Stanislav and Pleva, Matúš and Hládek, Daniel},
  booktitle={2019 17th International Conference on Emerging eLearning Technologies and Applications (ICETA)}, 
  title={How chatbots can be involved in the education process}, 
  year={2019},
  volume={},
  number={},
  pages={575-580},
  doi={10.1109/ICETA48886.2019.9040095},
  note={\url{https://doi.org/10.1109/ICETA48886.2019.9040095}}
}

@article{Prez2020,
  title={Rediscovering the use of chatbots in education: A systematic literature review},
  author={Jos{\'e} Quiroga P{\'e}rez and Thanasis Daradoumis and Joan Manuel Marqu{\`e}s Puig},
  journal={Computer Applications in Engineering Education},
  year={2020},
  volume={28},
  pages={1549 - 1565},
  note={\url{https://doi.org/10.1002/cae.22326}}
}

@article{Nee2023ExploringTT,
  title={Exploring the Trend and Potential Distribution of Chatbot in Education: A Systematic Review},
  author={Chee Ken Nee and Mohd Hishamuddin Abdul Rahman and Noraffandy Yahaya and Nor Hasniza Ibrahim and Rafiza Abdul Razak and Chie Sugino},
  journal={International Journal of Information and Education Technology},
  year={2023},
  note={\url{http://dx.doi.org/10.18178/ijiet.2023.13.3.1834}}
}

@misc{Piazza,
  title={About Piazza: Our Story},
  author={Piazza},
  year={n.d.},
  howpublished={[online] Available at: \url{https://piazza.com/about/story}},
  note={[accessed 21/04/2023]}
}

@article{Jungherr,
	author = {Andreas Jungherr},
	title = {Using ChatGPT and Other Large Language Model (LLM) Applications for Academic Paper Assignments},
	year = {2023},
	note = {Otto-Friedrich-Universität \url{https://doi.org/10.31235/osf.io/d84q6}},
	language = {eng}
}

@article{Abiodun,
title = {State-of-the-art in artificial neural network applications: A survey},
journal = {Heliyon},
volume = {4},
number = {11},
pages = {e00938},
year = {2018},
issn = {2405-8440},
note = {\url{https://doi.org/10.1016/j.heliyon.2018.e00938}},
author = {Oludare Isaac Abiodun and Aman Jantan and Abiodun Esther Omolara and Kemi Victoria Dada and Nachaat AbdElatif Mohamed and Humaira Arshad},
keywords = {Computer science}
}

@article{Bishop,
    author = {Bishop, Chris M.},
    title = "{Neural networks and their applications}",
    journal = {Review of Scientific Instruments},
    volume = {65},
    number = {6},
    pages = {1803-1832},
    year = {1994},
    month = {06},
    issn = {0034-6748},
    doi = {10.1063/1.1144830},
    note = {\url{https://doi.org/10.1063/1.1144830}},
    eprint = {https://pubs.aip.org/aip/rsi/article-pdf/65/6/1803/8387807/1803\_1\_online.pdf},
}

@article{hochreiter1997long,
  title={Long short-term memory},
  author={Hochreiter, Sepp and Schmidhuber, J{\"u}rgen},
  journal={Neural computation},
  volume={9},
  number={8},
  pages={1735--1780},
  year={1997},
  publisher={MIT press},
  note = {\url{http://dx.doi.org/10.1162/neco.1997.9.8.1735}}
}

@article{Yann,
author = {LeCun, Yann and Bengio, Y. and Hinton, Geoffrey},
year = {2015},
month = {05},
pages = {436-44},
title = {Deep Learning},
volume = {521},
journal = {Nature},
doi = {10.1038/nature14539},
note = {\url{http://dx.doi.org/10.1038/nature14539}}
}

@article{Gers,
    author = {Gers, Felix A. and Schmidhuber, Jürgen and Cummins, Fred},
    title = "{Learning to Forget: Continual Prediction with LSTM}",
    journal = {Neural Computation},
    volume = {12},
    number = {10},
    pages = {2451-2471},
    year = {2000},
    month = {10},
    issn = {0899-7667},
    doi = {10.1162/089976600300015015},
    note = {\url{https://doi.org/10.1162/089976600300015015}},
    eprint = {https://direct.mit.edu/neco/article-pdf/12/10/2451/814643/089976600300015015.pdf},
}

@misc{chung2014empirical,
      title={Empirical Evaluation of Gated Recurrent Neural Networks on Sequence Modeling}, 
      author={Junyoung Chung and Caglar Gulcehre and KyungHyun Cho and Yoshua Bengio},
      year={2014},
      eprint={1412.3555},
      archivePrefix={arXiv},
      primaryClass={cs.NE},
      note={\url{https://doi.org/10.48550/arXiv.1412.3555}}
}

@misc{cho2014learning,
      title={Learning Phrase Representations using RNN Encoder-Decoder for Statistical Machine Translation}, 
      author={Kyunghyun Cho and Bart van Merrienboer and Caglar Gulcehre and Dzmitry Bahdanau and Fethi Bougares and Holger Schwenk and Yoshua Bengio},
      year={2014},
      eprint={1406.1078},
      archivePrefix={arXiv},
      primaryClass={cs.CL},
      note = {\url{https://doi.org/10.48550/arXiv.1406.1078}}
}

@misc{cahuantzi2023comparison,
      title={A comparison of LSTM and GRU networks for learning symbolic sequences}, 
      author={Roberto Cahuantzi and Xinye Chen and Stefan Güttel},
      year={2023},
      eprint={2107.02248},
      archivePrefix={arXiv},
      primaryClass={cs.LG},
      note = {\url{https://doi.org/10.48550/arXiv.2107.02248}}
}

@inproceedings{Irie2016,
author = {Irie, Kazuki and Tüske, Zoltán and Alkhouli, Tamer and Schlüter, Ralf and Ney, Hermann},
year = {2016},
month = {09},
pages = {3519-3523},
title = {LSTM, GRU, Highway and a Bit of Attention: An Empirical Overview for Language Modeling in Speech Recognition},
note = {\url{http://dx.doi.org/10.21437/Interspeech.2016-491}}
}

@ARTICLE{Schuster,
  author={Schuster, M. and Paliwal, K.K.},
  journal={IEEE Transactions on Signal Processing}, 
  title={Bidirectional recurrent neural networks}, 
  year={1997},
  volume={45},
  number={11},
  pages={2673-2681},
  doi={10.1109/78.650093}}

% TensorFlow [Abadi et al., 2016]